<?xml version="1.0" encoding="UTF-8"?><collection xmlns="http://www.loc.gov/MARC21/slim"><record><leader>00493nam--2200169-i-4500</leader><controlfield tag="001">000042333</controlfield><controlfield tag="002">20161230</controlfield><controlfield tag="005">20161230201043</controlfield><controlfield tag="008">060222s1000------------r-----000-0-eng-d</controlfield><datafield ind1=" " ind2=" " tag="040"><subfield code="a">IFIN-HH</subfield></datafield><datafield ind1=" " ind2=" " tag="080"><subfield code="a">53</subfield></datafield><datafield ind1="1" ind2=" " tag="100"><subfield code="a">Mott, Nevil</subfield></datafield><datafield ind1="1" ind2="0" tag="245"><subfield code="a">Sources of physics teaching. selected articles reprinted from volumes 1 to 6 of contemporany physics. part 4</subfield><subfield code="c">Nevil mott</subfield></datafield><datafield ind1=" " ind2=" " tag="260"><subfield code="a">London</subfield><subfield code="b">Taylor &amp; Francis Ltd</subfield><subfield code="c">1970</subfield></datafield><datafield ind1=" " ind2=" " tag="300"><subfield code="a">153P</subfield></datafield><datafield ind1=" " ind2=" " tag="852"><subfield code="a">36637</subfield><subfield code="c">53</subfield></datafield><datafield ind1=" " ind2=" " tag="CAT"><subfield code="a">Sys</subfield><subfield code="c">20150311</subfield><subfield code="h">121837</subfield></datafield></record></collection>